@inproceedings{Boykov2002,
  title={Fast approximate energy minimization via graph cuts},
  author={Boykov, Y. and Veksler, O. and Zabih, R.},
  booktitle={The Proceedings of the Seventh IEEE International Conference on Computer Vision},
  pages={377-384 vol.1},
  year={2002},
}
@article{Brooks1983CHARMM,
  title={CHARMM: A program for macromolecular energy, minimization, and dynamics calculations},
  author={Brooks, Bernard R. and Bruccoleri, Robert E. and Olafson, Barry D. and States, David J. and Swaminathan, S. and Karplus, Martin},
  journal={Journal of Computational Chemistry},
  volume={4},
  number={2},
  pages={187-217},
  year={1983},
}